@article{sweave,
  author = {Friedrich Leisch},
  title = {Sweave, Part {II}: Package Vignettes},
  journal = {R News},
  year = 2003,
  volume = 3,
  number = 2,
  pages = {21--24},
  month = {October},
  url = {http://CRAN.R-project.org/doc/Rnews/}
}

     @Manual{R,
       title        = {R: A Language and Environment for Statistical
                       Computing},
       author       = {{R Development Core Team}},
       organization = {R Foundation for Statistical Computing},
       address      = {Vienna, Austria},
       year         = 2010,
       note         = {{ISBN} 3-900051-07-0},
       url          = {http://www.R-project.org}
     }
